@online {
	RESTWebservice,
	title			= {Android Restful Webservice Tutorial – How to call RESTful webservice in Android – Part 3},
	author			= {Android Guru},
	howpublished	= {online: \url{http://programmerguru.com/android-tutorial/android-restful-webservice-tutorial-how-to-call-restful-webservice-in-android-part-3/}},
	note			= {Zuletzt besucht: 15.04.2016}
}

@online {
	GitHub-Repo,
	title			= {tgm-ttaschner/DezSys11-Mobile-Access-to-Web-Services},
	author			= {Thomas Taschner},
	howpublished	= {online: \url{https://github.com/tgm-ttaschner/DezSys11-Mobile-Access-to-Web-Services}},
	note			= {Zuletzt besucht: 15.04.2016}
}

@online {
	DezSys09Paul,
	title			= {Referenzimplementierung von DezSys09},
	author			= {Paul Kalauner},
	howpublished	= {online: \url{https://github.com/pkalauner-tgm/dezsys09-java-webservices}},
	note			= {Zuletzt besucht: 15.04.2016}
}